<record><leader>00000cas a2200000   4500</leader><controlfield tag="001">5142716</controlfield><controlfield tag="008">790706d19uu1981tnuwr n       0   a0eng d</controlfield><controlfield tag="009">467</controlfield><datafield ind1=" " ind2=" " tag="010"><subfield code="a">sn 79003350 </subfield></datafield><datafield ind1=" " ind2=" " tag="040"><subfield code="a">NSD</subfield><subfield code="b">eng</subfield><subfield code="c">NSD</subfield><subfield code="d">OCL</subfield><subfield code="d">OCLCQ</subfield></datafield><datafield ind1=" " ind2=" " tag="012"><subfield code="k">1</subfield><subfield code="m">d</subfield></datafield><datafield ind1="1" ind2=" " tag="022"><subfield code="a">0193-0710</subfield><subfield code="l">0193-0710</subfield><subfield code="2">1</subfield></datafield><datafield ind1=" " ind2=" " tag="032"><subfield code="a">524280</subfield><subfield code="b">USPS</subfield></datafield><datafield ind1=" " ind2=" " tag="042"><subfield code="a">nsdp</subfield></datafield><datafield ind1=" " ind2="0" tag="222"><subfield code="a">Suburban news</subfield><subfield code="b">(Nashville)</subfield></datafield><datafield ind1="0" ind2="0" tag="245"><subfield code="a">Suburban news.</subfield></datafield><datafield ind1=" " ind2=" " tag="260"><subfield code="a">[Nashville, TN,</subfield><subfield code="b">s.n.]</subfield></datafield><datafield ind1=" " ind2=" " tag="936"><subfield code="a">Apr. 25, 1979</subfield></datafield></record>